<?xml version="1.0" encoding="UTF-8"?><collection xmlns="http://www.loc.gov/MARC21/slim"><record><leader>00383nam--2200133-i-4500</leader><controlfield tag="001">000027633</controlfield><controlfield tag="002">20161230</controlfield><controlfield tag="005">20161230201036</controlfield><controlfield tag="008">060222s1000------------r-----000-0-eng-d</controlfield><datafield ind1=" " ind2=" " tag="080"><subfield code="a">621.89:621.431.73</subfield></datafield><datafield ind1=" " ind2=" " tag="100"><subfield code="a">Krein, S.E., Zaslavshi, I.L.Si Voinov, N.P</subfield></datafield><datafield ind1=" " ind2=" " tag="245"><subfield code="a">Uleiul de uns si motorul. trad.din l.rusa</subfield></datafield><datafield ind1=" " ind2=" " tag="260"><subfield code="a">Bucuresti, Inst.De Docum.Tehnica, 1952, 171p</subfield></datafield><datafield ind1=" " ind2=" " tag="852"><subfield code="a">26437</subfield></datafield></record></collection>